<?xml version="1.0" encoding="UTF-8"?><collection xmlns="http://www.loc.gov/MARC21/slim"><record><leader>00597nam--2200217-u-4500</leader><controlfield tag="001">000050742</controlfield><controlfield tag="002">20161230</controlfield><controlfield tag="005">20170205004508</controlfield><controlfield tag="008">080328s1000------------r-----000-0-eng-d</controlfield><datafield ind1=" " ind2=" " tag="040"><subfield code="a">IFIN-HH</subfield></datafield><datafield ind1=" " ind2=" " tag="080"><subfield code="a">517.9</subfield></datafield><datafield ind1="1" ind2=" " tag="100"><subfield code="a">Sansone, Giovani</subfield></datafield><datafield ind1="1" ind2="0" tag="245"><subfield code="a">Non-Linear Differential Equations</subfield></datafield><datafield ind1=" " ind2=" " tag="260"><subfield code="a">Oxford</subfield><subfield code="b">Pergamon Press</subfield><subfield code="c">1964</subfield></datafield><datafield ind1=" " ind2=" " tag="300"><subfield code="a">533 p</subfield></datafield><datafield ind1=" " ind2=" " tag="490"><subfield code="a">International Series of Monographs in Pure and Applied Mathematics</subfield><subfield code="v">Vol.67</subfield></datafield><datafield ind1=" " ind2="4" tag="650"><subfield code="a">Particular Plane Autonomus Systems</subfield></datafield><datafield ind1=" " ind2=" " tag="700"><subfield code="a">Conti, Roberto</subfield></datafield><datafield ind1=" " ind2=" " tag="845"><subfield code="a">10184</subfield></datafield><datafield ind1=" " ind2=" " tag="852"><subfield code="c">51</subfield></datafield><datafield ind1=" " ind2=" " tag="CAT"><subfield code="a">SYS</subfield><subfield code="c">20170205</subfield><subfield code="h">004508</subfield></datafield></record></collection>